<?xml version="1.0" encoding="UTF-8"?><record xmlns="http://www.loc.gov/MARC21/slim" xmlns:cinclude="http://apache.org/cocoon/include/1.0" xmlns:zs="http://www.loc.gov/zing/srw/">
  <leader>00836cz  a2200181n  4500</leader>
  <controlfield tag="001">n  78016032 </controlfield>
  <controlfield tag="003">DLC</controlfield>
  <controlfield tag="005">20130319160039.0</controlfield>
  <controlfield tag="008">780407n| abannaabn          |b ana      </controlfield>
  <datafield tag="010" ind1=" " ind2=" ">
    <subfield code="a">n  78016032 </subfield>
  </datafield>
  <datafield tag="035" ind1=" " ind2=" ">
    <subfield code="a">(OCoLC)oca00152465</subfield>
  </datafield>
  <datafield tag="040" ind1=" " ind2=" ">
    <subfield code="a">DLC</subfield>
    <subfield code="b">eng</subfield>
    <subfield code="c">DLC</subfield>
    <subfield code="d">OCoLC</subfield>
    <subfield code="d">DLC</subfield>
  </datafield>
  <datafield tag="110" ind1="1" ind2=" ">
    <subfield code="a">New Brunswick.</subfield>
    <subfield code="b">Mines Division</subfield>
  </datafield>
  <datafield tag="410" ind1="1" ind2=" ">
    <subfield code="a">New Brunswick.</subfield>
    <subfield code="b">Department of Natural Resources.</subfield>
    <subfield code="b">Mines Division</subfield>
  </datafield>
  <datafield tag="667" ind1=" " ind2=" ">
    <subfield code="a">THIS 1XX FIELD CANNOT BE USED UNDER RDA UNTIL THIS RECORD HAS BEEN REVIEWED AND/OR UPDATED</subfield>
  </datafield>
  <datafield tag="667" ind1=" " ind2=" ">
    <subfield code="a">Cannot identify with New Brunswick, Mines Branch or New Brunswick, Mineral Resources Branch</subfield>
  </datafield>
  <datafield tag="670" ind1=" " ind2=" ">
    <subfield code="a">Its Report of investigation ... 1 (ser.) Van de Poll, N.H. Sedimentation ... 1966:</subfield>
    <subfield code="b">cover (Mines Division, Department of Natural Resources, New Brunswick)</subfield>
  </datafield>
  <datafield tag="670" ind1=" " ind2=" ">
    <subfield code="a">NLC</subfield>
    <subfield code="b">(New Brunswick. Mines Division. Estab. 1967?)</subfield>
  </datafield>
</record>